<record><leader>00000cas a22000007a 4500</leader><controlfield tag="001">28371324</controlfield><controlfield tag="008">930702d19051907nmuwr ne      0    0eng d</controlfield><datafield ind1=" " ind2=" " tag="010"><subfield code="a">sn 93061431 </subfield></datafield><datafield ind1=" " ind2=" " tag="040"><subfield code="a">NVM</subfield><subfield code="b">eng</subfield><subfield code="c">NVM</subfield><subfield code="d">OCLCQ</subfield><subfield code="d">DLC</subfield><subfield code="d">OCLCF</subfield></datafield><datafield ind1="1" ind2=" " tag="029"><subfield code="a">AU@</subfield><subfield code="b">000025867745</subfield></datafield><datafield ind1=" " ind2=" " tag="042"><subfield code="a">msc</subfield></datafield><datafield ind1=" " ind2=" " tag="043"><subfield code="a">n-us-nm</subfield></datafield><datafield ind1="0" ind2=" " tag="130"><subfield code="a">New Mexico sun (Carlsbad, N.M.)</subfield></datafield><datafield ind1="1" ind2="0" tag="245"><subfield code="a">New Mexico sun.</subfield></datafield><datafield ind1=" " ind2=" " tag="260"><subfield code="a">Carlsbad, N.M. :</subfield><subfield code="b">Wm. H. Mullane &amp; Sons</subfield></datafield><datafield ind1=" " ind2=" " tag="300"><subfield code="a">v.</subfield></datafield><datafield ind1=" " ind2=" " tag="310"><subfield code="a">Weekly</subfield></datafield><datafield ind1="1" ind2=" " tag="362"><subfield code="a">Began with May 12, 1905.</subfield></datafield><datafield ind1="0" ind2=" " tag="362"><subfield code="a">-v. 3, no. 25 (Oct. 4, 1907).</subfield></datafield><datafield ind1=" " ind2=" " tag="530"><subfield code="a">Also on microfilm: Albuquerque, N.M. : University of New Mexico Library.</subfield></datafield><datafield ind1=" " ind2=" " tag="588"><subfield code="a">Description based on: Vol. 1, no. 36 (Jan. 12, 1906).</subfield></datafield><datafield ind1=" " ind2="0" tag="651"><subfield code="a">Carlsbad (N.M.)</subfield><subfield code="v">Newspapers.</subfield></datafield><datafield ind1=" " ind2="0" tag="651"><subfield code="a">Eddy County (N.M.)</subfield><subfield code="v">Newspapers.</subfield></datafield><datafield ind1=" " ind2="7" tag="655"><subfield code="a">Newspapers.</subfield><subfield code="2">fast</subfield><subfield code="0">(OCoLC)fst01423814</subfield></datafield><datafield ind1=" " ind2="7" tag="651"><subfield code="a">New Mexico</subfield><subfield code="z">Carlsbad.</subfield><subfield code="2">fast</subfield><subfield code="0">(OCoLC)fst01205134</subfield></datafield><datafield ind1=" " ind2="7" tag="651"><subfield code="a">New Mexico</subfield><subfield code="z">Eddy County.</subfield><subfield code="2">fast</subfield><subfield code="0">(OCoLC)fst01211334</subfield></datafield><datafield ind1=" " ind2=" " tag="752"><subfield code="a">United States</subfield><subfield code="b">New Mexico</subfield><subfield code="c">Eddy</subfield><subfield code="d">Carlsbad.</subfield></datafield><datafield ind1="0" ind2="7" tag="785"><subfield code="a">Carlsbad current (Carlsbad, N.M. : 1899)</subfield><subfield code="x">2166-9554</subfield><subfield code="w">(DLC)sn 93061429</subfield><subfield code="w">(OCoLC)28371249</subfield></datafield><datafield ind1="0" ind2="7" tag="785"><subfield code="a">Carlsbad current and New Mexico sun</subfield><subfield code="x">2330-3581</subfield><subfield code="w">(DLC)sn 93061430</subfield><subfield code="w">(OCoLC)28371258</subfield></datafield></record>